2752 4244
162 269 214 321 238
483 269 655 323 CRITICAL
676 270 878 322 APPENDIX.

191 419 255 477 48.
279 425 321 473 No
333 423 448 473 interval
455 423 514 472 and
521 438 554 472 no
560 422 714 487 paragraph
725 422 801 471 mark
813 423 843 471 in
859 421 885 472 V.
894 421 957 472 -1
974 421 1073 472 inuenti
1088 422 1110 471 0
1120 420 1218 472 inuenti

164 507 192 554 G.
202 505 263 554 -4
281 520 422 570 numquam
436 505 494 554 inde
505 511 614 554 eorsster
630 505 652 553 0
663 520 805 568 numquam
822 505 881 553 inde
899 510 1009 554 corsster
1025 505 1048 553 G
1058 504 1093 552 mi
1105 519 1218 568 unquam

160 588 259 636 Statius
270 587 356 636 uidear
368 594 436 636 satur
452 587 596 636 Guarinus.
603 586 665 636 -6
682 587 732 636 sint
747 588 769 636 0
779 587 811 636 sit
824 586 964 650 (corrected
964 588 1037 654 prom
1049 586 1112 650 sint)
1131 588 1161 637 G.

191 706 255 762 49.
280 709 400 757 Interval
408 709 490 773 osone
501 724 569 757 verse
581 709 611 757 in
630 709 657 768 V,
661 708 739 775 filled
747 709 778 757 in
794 709 817 757 G
827 708 888 757 with
898 709 953 757 title
962 709 1005 758 Ad
1015 707 1174 767 Ciceronem,
1185 707 1217 774 of

159 791 241 840 which
257 791 296 839 the
306 791 396 840 second
404 791 479 839 word
488 791 510 839 is
520 791 623 839 written
637 807 696 839 aver
712 806 750 839 an
766 806 879 840 erasure.
913 791 949 840 In
963 790 1062 840 onere
1074 791 1096 839 is
1107 806 1124 838 a
1133 797 1215 854 para·

155 873 238 937 graph
247 873 331 922 mark.
340 873 403 922 -2
423 898 429 911 ·
443 888 462 918 n
476 898 482 911 ·
496 872 551 922 tulli
567 873 588 921 0
599 854 678 922 cilice
694 872 760 922 Tulli
776 874 805 923 G.
817 875 878 923 -5
895 887 1026 937 pessumus
1042 871 1142 924 0.-6
1159 887 1215 938 pes·

159 955 236 1004 simus
255 956 282 1005 V.

192 1068 254 1125 50.
278 1070 398 1120 Interual
406 1072 488 1137 osone
498 1087 568 1120 verse
580 1072 610 1120 in
629 1072 656 1131 V,
659 1071 739 1138 filled
747 1072 777 1121 in
794 1072 818 1121 G
828 1071 889 1120 with
900 1072 953 1121 title
964 1073 1006 1122 Ad
1017 1070 1146 1121 lucinium.
1179 1072 1217 1122 In

163 1155 185 1203 0
195 1154 262 1203 there
274 1155 324 1202 isa
333 1154 486 1218 paragraph
499 1155 582 1204 mark.
589 1154 648 1203 -2
666 1154 776 1203 inuicem
789 1154 925 1204 Sabellicus
935 1154 962 1204 in
973 1154 1039 1204 tueis
1051 1153 1216 1205 Schwabe.-

159 1238 179 1286 ⁵
196 1236 257 1285 haec
270 1238 291 1284 0
304 1237 314 1298 ΙΙ
328 1236 384 1285 illos
397 1236 495 1285 0.-⁷
512 1237 574 1286 abiit
592 1237 688 1286 V.-8
704 1236 780 1287 larini
791 1236 867 1286 faceti
878 1237 965 1302 tuique
983 1236 1095 1287 V.-10
1113 1250 1217 1287 somnos

163 1319 298 1368 Osomnos
313 1318 432 1367 G.-12
450 1324 599 1368 uersaretur
619 1319 641 1368 0
658 1326 799 1368 uersaretur
819 1320 938 1370 0.-13
955 1319 1087 1384 simulique
1102 1320 1124 1369 0
1137 1320 1148 1383 ΙΙ
1162 1334 1215 1370 om·

159 1417 218 1451 nem
241 1400 286 1465 (al'
307 1400 400 1464 essem)
427 1401 553 1450 G.-14
579 1403 612 1451 ad
638 1403 666 1451 V.
680 1401 774 1460 -16,
794 1402 834 1451 17
866 1401 904 1468 Cp
926 1408 981 1451 note
999 1402 1066 1468 afler
1079 1416 1124 1466 54.
1144 1417 1216 1451 1.-

159 1484 200 1534 18
218 1483 313 1533 erueris
340 1485 365 1532 V
379 1485 389 1546 u
409 1498 583 1548 praecepsque
606 1484 725 1535 0.-19
751 1483 833 1533 ocello
860 1484 977 1535 V.-20
1002 1499 1082 1549 penas
1107 1486 1132 1534 V
1148 1485 1159 1547 ΙΙ
1182 1499 1217 1534 ne

159 1567 247 1616 messis
268 1568 289 1616 0
306 1547 426 1617 ne'messis
447 1568 470 1616 G
489 1568 499 1629 ΙΙ
519 1574 646 1631 resposcst
669 1567 699 1618 0.
710 1594 744 1604 -
755 1568 795 1617 21
814 1583 919 1618 uemens
938 1568 1038 1618 Statius
1055 1569 1149 1631 Haupt
1168 1567 1214 1635 (cs.

159 1650 311 1699 Lachmann
323 1622 356 1695 in
365 1651 444 1698 Lucr.
458 1650 497 1700 II.
510 1649 600 1714 1024).

81 1764 84 1771 ’
192 1774 255 1830 51.
279 1777 398 1825 Interoal
411 1779 443 1843 as
452 1792 498 1825 one
509 1792 578 1825 verse
589 1777 619 1825 in
638 1778 666 1836 V,
670 1776 750 1844 filled
757 1777 787 1826 in
802 1779 826 1828 G
836 1777 898 1827 with
914 1778 967 1826 title
977 1779 1020 1828 Ad
1032 1776 1146 1827 lesbiam.
1180 1778 1215 1827 In

164 1860 185 1908 0
195 1859 263 1908 there
272 1860 294 1907 is
305 1875 322 1908 a
328 1858 481 1924 paragraph
493 1859 576 1908 mark.
585 1860 645 1909 -1
662 1860 731 1908 mihi
744 1859 789 1927 (cf
799 1875 837 1922 14.
848 1875 881 1910 ro
890 1859 930 1925 n.)
944 1860 1025 1925 impar
1040 1861 1062 1909 0
1072 1861 1122 1909 mi*
1134 1860 1217 1926 impar

163 1942 261 1991 G.-³
277 1947 302 1991 te
319 1942 424 1990 omitted
434 1942 500 2001 here,
512 1942 557 1990 but
569 1941 687 2009 prefixed
698 1949 722 1991 to
738 1959 763 1992 o.
776 1942 796 1991 4
809 1944 839 1992 in
858 1944 883 1992 V
886 1959 898 2000 ‚·
916 1943 961 1991 hut
971 1944 1001 1992 in
1017 1944 1039 1992 G
1053 1943 1075 1992 it
1087 1957 1141 1991 was
1150 1943 1217 1992 later

160 2024 273 2073 inserted
281 2024 312 2073 in
324 2026 356 2073 its
365 2032 461 2088 proper
472 2025 545 2089 place
556 2025 622 2084 here,
635 2024 693 2073 aad
706 2031 732 2074 te
748 2031 846 2090 spectat
863 2032 892 2074 at
906 2024 946 2074 the
962 2025 1102 2090 beginning
1116 2027 1148 2092 of
1157 2026 1216 2074 m

159 2107 258 2155 altered
275 2113 299 2155 to
316 2106 382 2155 read
400 2121 445 2171 spe
463 2108 589 2156 ctas—⁵
608 2106 751 2171 miseroque
770 2108 792 2157 0
809 2108 972 2171 miseroquod
991 2106 1131 2171 (corrected
1141 2108 1215 2174 flam

160 2188 233 2254 -que)
252 2190 280 2238 G.
289 2189 350 2237 -7
367 2189 451 2252 aspexi
470 2190 496 2238 V.
505 2189 567 2238 -8
585 2189 689 2238 cnsitted
698 2190 728 2238 in
747 2191 771 2239 V
779 2191 846 2253 quod
862 2190 950 2254 loquar
962 2205 1048 2239 amens
1060 2189 1217 2238 Parthenius

159 2271 186 2319 in
197 2271 270 2321 fauce
283 2271 407 2335 loquellae
424 2272 496 2320 Eira
514 2287 567 2320 van
583 2273 660 2320 Ieuer
671 2271 741 2321 uocis
751 2272 779 2321 in
790 2287 833 2321 ore
845 2273 930 2322 Ritter
941 2279 1040 2336 gutture
1052 2272 1123 2321 uocis
1141 2273 1215 2321 West·

160 2354 227 2418 phal
247 2354 273 2402 in
296 2360 400 2418 pectore
422 2353 491 2402 uocis
514 2354 635 2403 Pleitner.
649 2354 735 2404 -10
762 2354 864 2404 flamina
891 2355 1016 2403 V.—11
1041 2354 1146 2404 tintiant
1165 2355 1213 2417 ΟΙΙ

159 2436 276 2499 geminae
295 2436 421 2485 Schrader
438 2436 591 2485 Lachmann
601 2436 704 2499 gemina
715 2442 740 2486 et
756 2437 863 2501 Spengel
875 2437 960 2500 gelida
972 2437 1103 2486 Baehrem
1114 2436 1216 2500 gemine

160 2519 312 2581 obteguntur
330 2518 542 2568 Schwabe—12
560 2518 647 2568 limina
663 2520 783 2570 0.-13
801 2519 877 2569 catuli
892 2520 915 2569 0
932 2519 1017 2570 catulli
1037 2521 1065 2569 G.
1075 2519 1158 2569 -14
1175 2533 1216 2568 ex·

160 2599 224 2650 ultas
243 2602 268 2650 V.

193 2720 256 2776 52.
279 2723 398 2771 Interval
412 2724 444 2788 os
452 2739 498 2771 one
509 2739 578 2771 verse
590 2724 620 2772 in
640 2725 666 2783 V,
670 2724 748 2791 filled
756 2724 786 2772 in
802 2725 896 2774 Gwith
910 2725 964 2774 title
978 2725 1010 2774 In
1026 2724 1147 2774 Nouium.
1181 2725 1216 2774 In

165 2806 186 2853 0
202 2805 268 2853 there
286 2806 308 2852 is
324 2821 340 2852 a
353 2805 506 2869 paragraph
525 2806 607 2853 mark.
616 2806 678 2854 -1
696 2806 759 2855 mori
778 2807 876 2856 V.-2
894 2807 1009 2856 incurulu
1024 2808 1046 2856 0
1063 2808 1072 2870 ΙΙ
1088 2807 1180 2856 nouius
1194 2807 1217 2856 0

161 2888 250 2937 nouius
265 2889 288 2936 G
303 2888 402 2937 Nonius
416 2889 529 2936 ancients
546 2888 599 2936 who
616 2895 686 2952 quote
702 2890 741 2937 the
757 2905 826 2938 verse
845 2890 889 2956 (cf
904 2891 1032 2954 especially
1043 2890 1114 2938 Plin.
1129 2891 1164 2939 N.
1179 2889 1215 2940 H.

159 2971 302 3019 XXXVII.
313 2969 436 3033 81).-3
452 2970 572 3019 Vacinius
588 2971 617 3019 G.
628 2971 689 3019 —4
706 2972 770 3019 mori
789 2973 816 3020 V.

192 3093 255 3149 53.
279 3098 321 3145 No
338 3097 452 3145 interval
461 3096 518 3145 and
526 3112 558 3144 no
564 3098 716 3162 paragraph
729 3097 806 3145 mark
818 3098 848 3147 in
867 3099 893 3146 V.
906 3098 968 3147 -1
985 3097 1033 3147 nisi
1048 3098 1070 3147 0
1083 3098 1093 3161 ΙΙ
1108 3097 1136 3162 e]
1151 3104 1175 3147 et
1191 3098 1215 3147 V

160 3194 189 3228 ec
201 3179 339 3227 Baehrens.
347 3179 406 3226 -2
425 3179 557 3227 uaciniana
573 3180 602 3228 G.
611 3179 673 3229 -3
690 3195 760 3229 meos
779 3182 804 3230 V
814 3181 824 3242 ΙΙ
839 3181 945 3230 crimina
960 3180 1004 3245 (al'
1023 3178 1147 3245 carmina)
1166 3181 1189 3230 G
1201 3180 1211 3242 fl

160 3261 246 3310 caluos
264 3263 288 3311 V
296 3262 307 3324 ΙΙ
322 3260 457 3325 explicaset
472 3262 500 3311 O.
508 3262 567 3310 -4
585 3263 693 3311 amirans
709 3263 730 3310 O
763 3264 880 3312 Between
892 3279 931 3312 vv.
946 3263 1032 3325 pand
1039 3277 1059 3326 5
1069 3263 1137 3312 there
1149 3264 1171 3311 is
1183 3276 1215 3311 no

160 3345 279 3403 interval,
291 3344 336 3392 but
344 3359 361 3392 a
368 3345 520 3409 paragraph
533 3345 609 3393 mark
621 3346 651 3394 in
671 3346 697 3404 V,
709 3345 766 3394 and
775 3346 805 3394 in
821 3347 844 3394 G
855 3345 990 3410 marginal
1001 3347 1054 3394 title
1065 3346 1098 3395 de
1109 3344 1215 3395 Octonis

159 3427 320 3491 capite-⁵
333 3425 368 3476 dii
387 3427 411 3476 V
420 3428 430 3490 ΙΙ
445 3426 611 3491 salapantium
624 3429 748 3477 desertum
765 3427 964 3493 Osalspantium
976 3429 1102 3478 desertum
1118 3426 1212 3477 Gsals·

158 3509 266 3575 puttium
279 3511 337 3559 Seu.
356 3510 441 3558 Contr.
462 3510 521 3559 VII.
534 3525 558 3570 4.
574 3521 596 3572 7.

191 3635 253 3691 54.
276 3639 318 3686 No
330 3635 445 3685 interval
459 3636 516 3685 and
530 3652 563 3685 nc
575 3637 728 3701 paragraph
745 3636 821 3685 mark
835 3637 866 3686 in
885 3638 911 3687 V.
949 3638 1005 3686 But
1020 3637 1051 3702 cf
1061 3650 1105 3700 53.
1116 3650 1134 3698 4
1145 3651 1213 3686 n.-

158 3719 177 3768 1
194 3719 278 3770 otonis
289 3719 375 3784 capud
392 3717 469 3784 apido
482 3725 520 3768 est
533 3718 664 3783 pussillum
681 3719 797 3769 Ootonis
808 3725 884 3783 caput
896 3718 990 3784 0*pido
1004 3725 1042 3768 ost
1058 3717 1176 3782 pusillum
1191 3716 1212 3766 G
