2752 4244
160 263 213 317 256
480 267 651 318 CRITICAL
673 267 876 319 APPENDIX.

160 428 298 480 trioniadis
318 430 341 479 0
356 428 579 494 amphytrioniadis
594 429 624 477 G.
635 428 737 477 -113
754 427 896 493 stimphalia
912 429 939 476 0.
949 429 1051 478 -114
1068 429 1173 494 pertulit
1192 427 1216 479 0

159 512 270 578 pertullit
294 512 433 562 G.-11⁵
459 517 594 560 terreretur
615 510 658 574 (or
672 510 784 574 perhaps
803 510 862 572 only
881 509 1011 575 tereretur)
1039 510 1214 561 Otreerretur

163 595 237 660 (with
251 594 316 662 first
330 610 357 643 re
375 593 545 657 underlined)
570 592 710 643 0.-116
727 593 800 641 heb’r
821 593 961 643 0.-118
978 599 1048 642 tuum
1069 592 1154 657 (tuum
1175 593 1211 657 G)

160 677 282 726 domitum
310 678 335 727 V
352 676 438 725 diuum
461 676 584 724 domitum
604 693 622 722 ω
644 685 702 723 tunc
726 675 874 723 indomitam
895 676 935 723 De
954 676 1024 723 Allia
1050 673 1214 739 (indomitum

161 758 313 823 Santenius)
328 765 381 807 tum
394 766 418 807 te
430 758 578 806 indomitam
592 759 663 804 Riese
678 766 762 805 tamen
774 757 923 806 indomitam
935 757 1014 820 Heyse
1032 758 1121 806 durum
1133 759 1214 808 domi-

160 850 211 891 tam
224 842 374 890 Lachmann
387 848 485 889 toruum
497 839 585 904 (Voss)
600 840 731 888 dominum
746 839 791 903 (u)
806 840 938 888 Baehrens
949 839 1079 888 dominum
1091 841 1214 892 domitum

160 925 235 982 Ellis,
255 924 313 972 and
329 938 409 986 many
427 923 577 988 conjectures
596 923 625 985 by
640 923 708 970 other
724 921 926 970 critica-119
952 922 1017 985 tarn]
1040 937 1115 971 causa
1139 923 1168 972 G.
1179 949 1215 962 -

161 1007 220 1056 122
238 1013 334 1056 ceratas
344 1005 476 1054 Schrader.
488 1031 522 1040 -
534 1005 594 1054 124
611 1005 745 1053 scuscitata
754 1020 817 1052 cano
827 1004 962 1053 uoltarium
976 1005 1140 1054 Oscusoitata
1149 1020 1214 1054 cano

160 1089 292 1138 uoitarium
308 1088 446 1138 G.-125
465 1103 512 1135 nec
524 1094 609 1135 tamen
625 1090 646 1134 O
660 1088 670 1149 ΙΙ
685 1086 771 1149 gauisa
785 1084 859 1150 (with
871 1087 912 1134 dot
925 1085 1008 1134 under
1010 1085 1087 1153 final
1096 1086 1125 1150 a)
1143 1088 1215 1136 G.-

160 1172 220 1222 128
249 1187 405 1236 quamquam
433 1171 459 1220 V.
471 1169 576 1218 -129
594 1176 699 1217 tuorum
725 1168 861 1218 tt-lao
887 1167 975 1217 efflauo
997 1170 1018 1217 0
1035 1169 1116 1218 eflauo
1138 1170 1169 1218 G.
1179 1196 1215 1208 —

160 1255 220 1304 181
238 1253 340 1318 paulum
356 1253 466 1302 Colocius
479 1254 489 1315 ΙΙ
504 1251 571 1315 tum]
590 1258 618 1300 tu
637 1251 772 1301 tc-las
790 1251 930 1300 tamenetsi
951 1251 972 1299 0
988 1257 1072 1300 tamen
1089 1251 1148 1300 etsi
1164 1253 1211 1316 G)

160 1342 287 1401 cotempta
308 1336 352 1398 011
367 1334 459 1384 catullo
478 1333 616 1398 (corrected
621 1334 695 1399 from
713 1333 796 1382 catulo
818 1332 852 1396 0)
881 1334 908 1382 V.
923 1360 956 1369 -
968 1333 1028 1382 139
1051 1333 1177 1384 cotidiana
1192 1336 1215 1383 0

160 1418 306 1483 quotidiana
322 1418 344 1466 G
355 1417 489 1481 concoquit
503 1417 565 1465 iram
576 1416 728 1464 Lachmann
740 1416 853 1464 continet
869 1415 931 1464 iram
948 1416 1088 1464 Santenius
1099 1417 1215 1467 condidit

159 1502 221 1550 iram
233 1500 337 1549 Pohlius
348 1500 461 1548 contudit
478 1499 540 1546 iram
552 1498 688 1561 Hertzberg
700 1497 810 1546 concitat
827 1498 889 1546 iram
900 1498 1015 1546 Pleitner
1026 1498 1136 1563 concipit
1150 1499 1214 1548 iram

159 1582 409 1632 Baehrens—140
432 1581 500 1630 sacta
522 1582 544 1628 0
564 1581 630 1630 sacta
651 1580 788 1630 a.-141
806 1587 882 1644 atque
908 1581 933 1629 V
948 1580 1032 1644 atquei
1052 1581 1169 1630 Schwabe
1187 1588 1215 1632 at

160 1665 219 1730 quia
235 1681 265 1713 ar
281 1663 351 1729 atqui
368 1682 386 1711 ω
406 1665 416 1727 ΙΙ
436 1679 588 1727 componere
610 1664 802 1726 Ocomponere
823 1663 870 1725 Gi)
890 1678 965 1726 equm
987 1663 1009 1711 0
1041 1664 1083 1712 Na
1102 1663 1215 1712 interval

159 1751 227 1814 after
236 1764 261 1797 o.
273 1747 334 1796 141
347 1748 377 1794 in
396 1747 421 1796 V
423 1763 435 1802 ,·
452 1746 593 1795 Maecilius
596 1745 662 1810 first
670 1745 831 1810 conjectured
838 1761 854 1792 a
867 1745 963 1793 lacuna
974 1745 1039 1794 here.
1049 1772 1083 1781 —
1091 1745 1151 1794 142
1164 1752 1213 1794 tre·

159 1831 244 1879 mulist
260 1829 302 1878 illa
319 1828 476 1876 Lachmann.
489 1828 591 1877 -148
609 1828 712 1876 tandem
729 1827 860 1876 Baehrens
876 1843 928 1875 non
945 1827 1039 1876 etenim
1056 1828 1186 1877 Fraehlich
1201 1830 1211 1891 ΙΙ

160 1914 258 1961 deastra
274 1912 295 1958 0
310 1912 341 1960 de
353 1918 418 1959 astra
435 1911 457 1958 G
472 1911 570 1959 dexstra
589 1910 704 1958 Schwabe
721 1911 819 1958 deestra
837 1910 904 1958 Ellis
921 1909 1050 1959 claustris.
1065 1911 1213 1974 ..paternis

161 1995 259 2043 Schoell.
271 2021 305 2030 -
312 1994 372 2042 144
391 1993 536 2055 flagrantem
555 1993 641 2040 assirio
662 1993 684 2040 0
700 1991 847 2054 flagrantem
866 1993 897 2040 G.
909 2017 941 2026 -
951 1993 1011 2041 145
1029 1993 1102 2055 nigra
1113 2010 1132 2040 ω
1143 2000 1214 2043 muta

158 2079 238 2141 Heyse
255 2092 310 2126 rara
327 2077 424 2139 Haupt.
433 2103 467 2111 -
477 2076 537 2124 147
554 2075 603 2123 hiis
624 2076 645 2123 O
661 2075 701 2123 his
723 2076 745 2123 G
764 2075 774 2137 ΙΙ
789 2089 853 2122 unus
866 2092 892 2122 ω.
901 2101 935 2110 -
944 2075 1005 2124 148
1023 2075 1077 2124 dies
1095 2076 1120 2124 V
1128 2076 1137 2138 ΙΙ
1153 2091 1213 2125 can·

129 2161 134 2173 ⁴
160 2160 229 2209 diore
251 2161 272 2208 0
288 2164 360 2207 notat
377 2157 529 2215 candidiore,
542 2157 596 2205 dies
613 2156 861 2205 Baehrens—149
879 2157 940 2205 haec
955 2157 976 2204 0
991 2157 1000 2219 ΙΙ
1016 2172 1065 2220 quo
1082 2159 1211 2208 Muretus.

161 2242 261 2291 —150
277 2241 333 2290 aliis
355 2242 380 2290 V
390 2240 442 2289 Alli
460 2241 573 2303 Scaliger
590 2239 671 2287 Manli
683 2257 709 2286 ω.
719 2240 819 2288 -151
837 2238 954 2301 rubigine
972 2240 993 2287 0
1009 2239 1123 2302 rubigine
1139 2241 1170 2289 G.
1180 2266 1213 2276 —

160 2326 220 2374 155
238 2324 297 2373 satis
316 2324 341 2373 V
346 2323 415 2372 scitis
425 2323 557 2371 Baehrens
571 2324 581 2384 ΙΙ
596 2322 647 2370 uite
666 2322 693 2370 V.
706 2321 807 2372 -156
825 2337 871 2369 nos
882 2321 986 2369 omitted
998 2321 1028 2370 in
1047 2323 1074 2379 V,
1087 2322 1171 2370 added
1184 2323 1214 2386 by

160 2424 178 2455 a
195 2406 243 2470 ipsi
260 2406 287 2454 in
307 2421 357 2469 qua
374 2405 549 2468 Pantagathus
571 2404 639 2467 (ipsa
656 2422 674 2451 ω
692 2403 745 2468 ipse
765 2403 900 2467 Scaliger).
911 2404 1020 2460 -157,
1039 2404 1100 2455 158
1110 2404 1212 2470 judged

158 2489 278 2553 spurious
294 2488 323 2550 by
339 2487 458 2551 Doering
471 2486 528 2534 and
540 2486 655 2552 doubtful
668 2486 698 2548 by
716 2486 808 2549 Sillig,·
832 2486 945 2535 inserted
959 2487 1086 2536 elsewhere
1102 2488 1132 2551 by
1148 2504 1213 2537 sance

159 2572 245 2619 others.
258 2570 358 2619 -157
376 2569 449 2617 nobis
466 2574 491 2616 te
508 2568 635 2617 trandedit
653 2568 765 2631 Scaliger
784 2569 936 2632 (transdedit
954 2585 983 2617 or
999 2569 1101 2619 tradidit
1118 2569 1211 2633 others)

160 2654 233 2702 nobis
246 2652 374 2700 dominam
388 2666 418 2699 ar
431 2658 543 2699 teneram
555 2665 585 2698 ar
596 2666 680 2698 caram
689 2650 768 2698 others
782 2652 792 2713 ΙΙ
807 2650 900 2714 aufert]
915 2658 1001 2700 auctor
1013 2670 1032 2699 ω
1044 2652 1140 2702 Oufens
1153 2653 1213 2701 Sca·

160 2737 225 2798 liger
239 2736 321 2783 Anser
336 2734 416 2796 Heyse
431 2733 493 2781 Afer
507 2734 609 2781 Munro
623 2748 716 2796 auspex
733 2733 835 2796 Lipsius
850 2749 865 2782 a
881 2749 931 2797 quo
949 2733 1037 2798 (158)
1055 2735 1138 2784 Primo
1154 2741 1214 2785 sunt

160 2817 234 2865 nobis
248 2835 273 2864 ω.
283 2816 385 2865 -158
402 2815 483 2879 primo
495 2814 529 2862 mi
541 2816 633 2877 Haupt
645 2816 655 2877 ΙΙ
671 2815 739 2862 bono
757 2816 783 2863 V
788 2814 873 2864 omnia
890 2822 975 2865 nostra
991 2816 1059 2866 bona
1071 2816 1171 2866 Schoell.
1179 2844 1208 2856 -

161 2898 222 2949 160
239 2899 317 2947 michi
328 2897 401 2948 dulce
414 2904 452 2947 est
465 2896 574 2946 Omichi
586 2897 659 2946 dulce
672 2903 710 2946 est
726 2897 755 2946 G.

193 3034 255 3089 69.
280 3034 401 3084 Interval
414 3036 446 3101 os
455 3051 502 3083 one
518 3049 587 3083 verse
604 3034 634 3082 in
653 3035 680 3094 V,
691 3034 769 3101 filled
782 3034 812 3082 in
832 3034 930 3084 Gwith
947 3036 1000 3085 title
1017 3037 1048 3085 In
1066 3035 1168 3086 Rufum.
1179 3064 1214 3077 -

161 3120 180 3169 2
205 3119 277 3168 Ruffe
302 3118 404 3168 V.—8
427 3133 474 3166 uos
490 3116 533 3166 illa
553 3132 621 3165 mare
646 3117 670 3165 V
685 3132 737 3164 non
758 3116 779 3165 si
799 3115 867 3166 iliam
886 3133 957 3166 rarae
977 3119 1109 3168 Avantius
1130 3117 1213 3184 (Coae

161 3202 293 3252 Baehrens
305 3217 377 3250 carae
390 3198 549 3263 Ellis).-5
567 3215 617 3264 que
632 3200 653 3247 0
665 3215 714 3264 qua
728 3198 868 3264 (corrected
872 3201 945 3267 from
958 3198 1020 3265 que)
1039 3201 1138 3252 G.-6
1155 3202 1214 3253 uale

166 3286 193 3333 0.
200 3284 260 3334 -8
278 3283 319 3333 cui
331 3299 387 3333 cum
403 3282 473 3347 (cum
489 3281 524 3346 G)
546 3283 573 3331 V.
582 3309 615 3318 -
624 3282 664 3331 10
682 3297 740 3330 cum
751 3281 879 3332 Fraehlich
893 3283 903 3346 ΙΙ
918 3282 1022 3346 frigiunt
1037 3283 1065 3334 0.

197 3414 255 3471 70.
278 3419 320 3467 No
337 3414 453 3466 interval
465 3415 496 3464 in
520 3415 614 3464 V.—1
632 3413 697 3464 male
713 3414 742 3464 0.

198 3548 257 3604 71.
280 3552 322 3599 No
339 3548 454 3599 interval
467 3548 497 3598 in
521 3548 549 3598 V.
558 3547 622 3597 -1
640 3547 711 3612 siqua
729 3548 783 3597 uiro
801 3547 870 3597 bono
887 3554 1045 3598 sacratorum
1066 3547 1213 3613 (sacrorum

166 3634 201 3699 G)
223 3633 249 3683 V
252 3633 274 3682 si
291 3648 340 3697 qua
356 3634 458 3682 Munro
478 3631 531 3681 iure
550 3631 619 3680 bono
640 3630 776 3679 Palladius
794 3630 867 3679 Virro
885 3631 1041 3680 Parthenius
1060 3639 1213 3682 sacratorum

161 3717 293 3766 Baehrem
303 3715 325 3764 si
337 3715 396 3780 quoi
407 3715 460 3764 iure
473 3715 559 3762 Bonae
571 3719 723 3763 sacratorum
734 3712 863 3762 Fraehlich
877 3714 887 3776 ΙΙ
902 3713 991 3776 hyrcus
1004 3715 1098 3763 G.-2
1110 3715 1213 3779 siquam
