2752 4244
464 278 638 330 CRITICAL
659 277 861 329 APPENDIX.

335 436 436 488 Scilicet
448 435 565 486 acalamis
576 436 662 485 tribuit
674 436 713 485 cui
726 436 822 485 francia
833 452 927 485 nomen

367 519 467 583 Quique
478 526 549 568 notat
561 519 633 568 turbe
644 519 813 583 pretereuntis
823 518 877 568 iter.

333 601 391 664 Quo
402 601 462 650 licet
472 601 575 663 iugenio
586 608 697 650 uestrum
710 600 835 650 celebrate
847 601 972 650 Catullum

367 684 442 732 Cuius
454 685 499 732 sub
511 684 596 733 modio
609 683 693 733 clausa
704 684 806 748 papirus
818 690 878 733 erat.

168 817 208 866 Tu
218 816 297 866 lector
308 817 459 881 quicumque
471 817 505 866 ad
516 817 587 865 cuius
598 832 688 866 mantes
704 816 746 865 hie
761 816 860 865 libellus
871 816 905 864 ob
917 816 1014 865 uenerit
1027 815 1146 880 Scriptori
1158 817 1192 866 da

136 899 237 948 ueniam
257 899 278 948 si
295 898 341 947 tibi
361 906 478 962 coruptus
495 899 621 948 uidebitur
641 935 647 948 .
668 899 794 962 Quoniam
815 914 830 947 a
850 899 1035 963 corruptissimo
1056 898 1191 963 exemplari

135 981 290 1046 transcripsit
306 1017 312 1030 .
328 997 380 1029 non
397 982 467 1029 enim
484 981 621 1046 quodpiam
637 981 707 1031 aliud
724 981 824 1030 extabat
842 982 908 1030 unde
926 988 1008 1044 posset
1022 980 1100 1029 libelli
1117 981 1191 1030 buius

135 1064 224 1113 habere
236 1064 336 1128 copiam
349 1064 508 1127 exemplandi
541 1065 574 1113 Et
591 1071 619 1113 ut
636 1064 720 1128 exipso
733 1064 859 1113 salebroso
872 1063 966 1128 aliquid
984 1070 1083 1111 tanturn
1100 1078 1189 1127 sugge-

135 1152 173 1196 ret
185 1147 296 1196 decreuit
307 1147 397 1211 pocius
408 1153 493 1195 tamen
501 1153 634 1211 coruptum
644 1147 734 1195 habere
746 1162 826 1211 quarn
836 1147 943 1194 omnino
953 1161 1045 1194 carere.
1080 1146 1190 1209 Sperans

136 1229 219 1278 adhuc
231 1229 263 1278 ab
274 1229 317 1278 alli
329 1245 379 1293 quo
390 1229 439 1277 alio
457 1229 558 1279 fortuite
575 1236 720 1293 emergente
736 1228 807 1278 hunc
823 1244 897 1293 posse
912 1229 1023 1291 corigere
1036 1264 1043 1277 .
1054 1227 1158 1277 Valebis
1169 1227 1191 1276 si

136 1311 160 1360 ei
171 1311 200 1360 in
211 1317 328 1377 precatus
339 1327 392 1360 uon
404 1311 486 1360 fueris.

169 1478 177 1495 .
191 1455 261 1510 1375.
294 1459 378 1494 mense
392 1443 488 1494 octobr.
503 1439 557 1508 19⁰.
591 1441 626 1509 qri
638 1441 793 1508 casignorius
807 1441 940 1493 laborabat
951 1443 979 1492 iu
990 1443 1106 1493 extremis
1119 1479 1125 1493 .
1137 1449 1163 1492 et
1175 1458 1189 1493 c

138 1526 346 1592 (=cetera):-

169 1626 261 1676 Lesbia
272 1629 392 1676 damnose
402 1626 493 1676 bibens
504 1626 695 1691 interpretatur.
704 1642 751 1675 :-

171 1761 252 1826 (This
261 1759 427 1824 subscription
440 1759 581 1822 isentirely
592 1759 712 1823 wanting
721 1760 751 1807 in
767 1759 795 1818 0,
806 1760 864 1808 and
872 1760 902 1808 in
913 1759 1013 1808 several
1026 1759 1059 1825 os
1067 1757 1107 1806 the
1117 1757 1190 1806 better

135 1844 197 1892 class
207 1845 239 1909 os
246 1843 378 1892 laterand
386 1842 553 1906 interpolated
561 1843 642 1891 MSS.
676 1844 763 1905 Many
773 1843 842 1891 otker
852 1843 884 1907 os
893 1842 956 1890 these
966 1841 1057 1897 MSS,
1069 1839 1190 1899 however,

136 1927 240 1975 contain
251 1927 290 1975 tlte
300 1928 414 1989 epigram
428 1926 459 1990 os
472 1925 631 1988 Campesani‚
643 1925 721 1973 either
732 1925 793 1973 witta
805 1941 834 1972 or
845 1925 950 1972 without
965 1925 1004 1972 tlte
1014 1923 1067 1972 title
1078 1924 1157 1986 given
1168 1930 1191 1971 to

136 2009 159 2057 it
172 2009 238 2068 here,
249 2008 337 2072 though
349 2009 379 2056 in
390 2023 454 2056 some
471 2008 494 2055 it
506 2008 593 2056 stende
604 2013 632 2055 at
646 2007 685 2055 tlte
701 2007 842 2071 beginning
851 2007 952 2055 instead
960 2006 993 2073 os
1002 2007 1040 2054 the
1051 2006 1144 2073 endas
1152 2006 1191 2054 the

135 2090 200 2139 book.
240 2090 291 2139 The
302 2089 370 2139 other
380 2088 533 2154 concluding
539 2089 674 2157 formulae
685 2088 718 2155 os
726 2088 763 2138 the
776 2089 841 2138 taur
851 2088 934 2138 MSS.
945 2104 992 2137 are
1003 2089 1035 2155 os
1045 2104 1078 2137 no
1089 2085 1190 2136 critical

136 2169 260 2233 interest.)
